% Encoding: UTF-8

@image{robocup,
  author = {European RoboCup Association e.V.}
  url = {https://robocupjunior.de/}
}

@misc{dogsFromLife,
  title        = {Dogs from Life},
  author       = {Robert L. Dickey},
  year         = {1920},
  howpublished = {Website},
  url          = {https://www.saturdayeveningpost.com/2019/03/the-bizarre-and-adorable-canine-comics-of-robert-l-dickey/},
  note         = {Abgerufen am 12.06.2023}
}

@misc{doggieLanguage,
  title        = {Doggie Language},
  author       = {Lili Chin},
  howpublished = {Website},
  url          = {www.doggiedrawings.net},
  note         = {Abgerufen am 12.06.2023}
}

@misc{facialExpressionRecognition,
  title        = {Deficits in facial expression recognition in male adolescents with early-onset or adolescent-onset conduct disorder},
  author       = {ResearchGate},
  howpublished = {Website},
  url          = {https://www.researchgate.net/figure/Facial-expression-continua-used-in-the-Emotion-Hexagon-task-Running-from-left-to-right_fig1_24418236},
  note         = {Abgerufen am 12.06.2023}
}

@misc{emotionWheel,
  title        = {Emotion Wheel},
  author       = {Saprea},
  howpublished = {Website},
  url          = {https://defendinnocence.org/de/rad-der-emotionen/},
  note         = {Abgerufen am 12.06.2023}
}

\endinput